@electronic{ imagineiti,
	title = "Your data is the life blood for your company",
	url = "http://www.imagineiti.com/backup/biggest-backup-mistake"
}

@electronic{ pepperdine,
	url = "https://gbr.pepperdine.edu/2010/08/the-cost-of-lost-data/"
}

@electronic{ gigaom,
	url = "https://gigaom.com/2008/07/20/amazon-s3-outage-july-2008/"
}

@electronic{ rightscale,
	url = "http://www.rightscale.com/blog/cloud-industry-insights/amazon-ec2-outage-summary-and-lessons-learned/"
}

@electronic{password,
	url = "http://ieeexplore.ieee.org/stamp/stamp.jsp?tp=&arnumber=6859779&isnumber=6859515"
}

@electronic{theguardian,
	url = "http://www.theguardian.com/technology/2014/sep/01/naked-celebrity-hack-icloud-backup-jennifer-lawrence"
}

@electronic{backblaze,
	url = "https://www.backblaze.com/blog/hard-drive-reliability-stats-for-q2-2015/"
}

@electronic{acmethics,
	url = "http://www.acm.org/about/code-of-ethics"
}

@electronic{udhr,
	url = "http://www.un.org/en/universal-declaration-human-rights/"
}

@electronic{wolf,
	url = "http://imgur.com/gO8Xiot"
}

@electronic{independent,
	url = "http://www.independent.ie/business/technology/news/stars-nude-photo-attack-may-have-been-down-to-password-codes-30552629.html"
}

@electronic{gizmodo,
	url = "http://gizmodo.com/confirmed-nsa-paid-google-microsoft-others-millions-1188615332"
}